<?xml version="1.0" encoding="UTF-8"?><collection xmlns="http://www.loc.gov/MARC21/slim"><record><leader>00547nam--2200193-i-4500</leader><controlfield tag="001">000049498</controlfield><controlfield tag="002">20161230</controlfield><controlfield tag="005">20161230201047</controlfield><controlfield tag="008">060222s1000------------r-----000-0-rus-d</controlfield><datafield ind1=" " ind2=" " tag="040"><subfield code="a">IFIN-HH</subfield></datafield><datafield ind1=" " ind2=" " tag="041"><subfield code="a">rus</subfield></datafield><datafield ind1=" " ind2=" " tag="080"><subfield code="a">539.12.162.8</subfield></datafield><datafield ind1="1" ind2=" " tag="100"><subfield code="a">Alhazov, G.A</subfield></datafield><datafield ind1="1" ind2="0" tag="245"><subfield code="a">Difrakcionnoe vzaimodeistvie adronov s iadrami pri vysokih energiiah</subfield><subfield code="c">G.a. alhazov, v.v. anisovich, p.e. volkovickii</subfield></datafield><datafield ind1=" " ind2=" " tag="260"><subfield code="a">Leningrad</subfield><subfield code="b">Nauka</subfield><subfield code="c">1991</subfield></datafield><datafield ind1=" " ind2=" " tag="300"><subfield code="a">224 S</subfield></datafield><datafield ind1="1" ind2=" " tag="700"><subfield code="a">Volkovickii, P.E</subfield></datafield><datafield ind1=" " ind2=" " tag="852"><subfield code="a">79817</subfield><subfield code="c">539.131</subfield></datafield><datafield ind1=" " ind2=" " tag="CAT"><subfield code="a">Sys</subfield><subfield code="c">20120314</subfield><subfield code="h">163110</subfield></datafield></record></collection>